% This file was created with JabRef 2.9b2.
% Encoding: ISO8859_1

@book{olson2014ways,
  title={Ways of Knowing in HCI},
  author={Olson, Judith S and Kellogg, Wendy A},
  volume={2},
  year={2014},
  publisher={Springer}
}

@article{boone2012analyzing,
  title={Analyzing likert data},
  author={Boone, Harry N and Boone, Deborah A},
  journal={Journal of extension},
  volume={50},
  number={2},
  pages={1--5},
  year={2012}
}

@article{allen2007likert,
  title={Likert scales and data analyses},
  author={Allen, I Elaine and Seaman, Christopher A},
  journal={Quality progress},
  volume={40},
  number={7},
  pages={64--65},
  year={2007}
}

@article{norman2010likert,
  title={Likert scales, levels of measurement and the “laws” of statistics},
  author={Norman, Geoff},
  journal={Advances in health sciences education},
  volume={15},
  number={5},
  pages={625--632},
  year={2010},
  publisher={Springer}
}

@article{murray2013likert,
  title={Likert data: what to use, parametric or non-parametric?},
  author={Murray, Jacqueline},
  journal={International Journal of Business and Social Science},
  volume={4},
  number={11},
  year={2013},
  publisher={Centre for Promoting Ideas, USA}
}

@article{bard1996magnitude,
  title={Magnitude estimation of linguistic acceptability},
  author={Bard, Ellen Gurman and Robertson, Dan and Sorace, Antonella},
  journal={Language},
  pages={32--68},
  year={1996},
  publisher={JSTOR}
}

@article{moskowitz1977magnitude,
  title={Magnitude estimation: notes on what, how, when, and why to use it},
  author={Moskowitz, Howard R},
  journal={Journal of Food Quality},
  volume={1},
  number={3},
  pages={195--227},
  year={1977},
  publisher={Blackwell Publishing Ltd Oxford, UK}
}

@inproceedings{mcgee2004master,
  title={Master usability scaling: magnitude estimation and master scaling applied to usability measurement},
  author={McGee, Mick},
  booktitle={Proceedings of the SIGCHI conference on Human factors in computing systems},
  pages={335--342},
  year={2004}
}

@article{maddalena2017crowdsourcing,
  title={On crowdsourcing relevance magnitudes for information retrieval evaluation},
  author={Maddalena, Eddy and Mizzaro, Stefano and Scholer, Falk and Turpin, Andrew},
  journal={ACM Transactions on Information Systems (TOIS)},
  volume={35},
  number={3},
  pages={1--32},
  year={2017},
  publisher={ACM New York, NY, USA}
}

@article{stevens1956direct,
  title={The direct estimation of sensory magnitudes: Loudness},
  author={Stevens, Stanley Smith},
  journal={The American journal of psychology},
  volume={69},
  number={1},
  pages={1--25},
  year={1956},
  publisher={JSTOR}
}

@article{lodge1979comparisons,
  title={Comparisons between category and magnitude scaling of political opinion employing SRC/CPS items},
  author={Lodge, Milton and Tursky, Bernard},
  journal={American Political Science Review},
  volume={73},
  number={1},
  pages={50--66},
  year={1979},
  publisher={Cambridge University Press}
}

@article{fitzner2007reliability,
  title={Reliability and validity a quick review},
  author={Fitzner, Karen},
  journal={The Diabetes Educator},
  volume={33},
  number={5},
  pages={775--780},
  year={2007},
  publisher={SAGE Publications Sage CA: Los Angeles, CA}
}

@article{krippendorff2004reliability,
  title={Reliability in content analysis: Some common misconceptions and recommendations},
  author={Krippendorff, Klaus},
  journal={Human communication research},
  volume={30},
  number={3},
  pages={411--433},
  year={2004},
  publisher={Wiley Online Library}
}

@article{gold2018women,
  title={Do women perceive hate differently: Examining the relationship between hate speech, gender, and agreement judgments},
  author={Gold, Michael Wojatzki Tobias Horsmann Darina and Zesch, Torsten},
  year={2018}
}

@inproceedings{waseem2016hateful,
  title={Hateful symbols or hateful people? predictive features for hate speech detection on twitter},
  author={Waseem, Zeerak and Hovy, Dirk},
  booktitle={Proceedings of the NAACL student research workshop},
  pages={88--93},
  year={2016}
}

@inproceedings{basile2019semeval,
  title={Semeval-2019 task 5: Multilingual detection of hate speech against immigrants and women in twitter},
  author={Basile, Valerio and Bosco, Cristina and Fersini, Elisabetta and Debora, Nozza and Patti, Viviana and Pardo, Francisco Manuel Rangel and Rosso, Paolo and Sanguinetti, Manuela and others},
  booktitle={13th International Workshop on Semantic Evaluation},
  pages={54--63},
  year={2019},
  organization={Association for Computational Linguistics}
}

@article{balayn2021automatic,
	title={Automatic Identification of Harmful, Aggressive, Abusive, and Offensive Language on the Web: A Survey of Technical Biases Informed by Psychology Literature},
	author={Balayn, Agathe and Yang, Jie and Szlavik, Zoltan and Bozzon, Alessandro},
	journal={ACM Transactions on Social Computing (TSC)},
	volume={4},
	number={3},
	pages={1--56},
	year={2021},
	publisher={ACM New York, NY}
}

@article{hendrickx2021machine,
	title={Machine Learning with a Reject Option: A survey},
	author={Hendrickx, Kilian and Perini, Lorenzo and Van der Plas, Dries and Meert, Wannes and Davis, Jesse},
	journal={arXiv preprint arXiv:2107.11277},
	year={2021}
}

@article{van2016pre,
  title={Pre-registration in social psychology—A discussion and suggested template},
  author={Van't Veer, Anna Elisabeth and Giner-Sorolla, Roger},
  journal={Journal of experimental social psychology},
  volume={67},
  pages={2--12},
  year={2016},
  publisher={Elsevier}
}

@inproceedings{roitero2018fine,
  title={On fine-grained relevance scales},
  author={Roitero, Kevin and Maddalena, Eddy and Demartini, Gianluca and Mizzaro, Stefano},
  booktitle={The 41st International ACM SIGIR Conference on Research \& Development in Information Retrieval},
  pages={675--684},
  year={2018}
}

@inproceedings{grondahl2018all,
  title={All you need is "love" evading hate speech detection},
  author={Gr{\"o}ndahl, Tommi and Pajola, Luca and Juuti, Mika and Conti, Mauro and Asokan, N},
  booktitle={Proceedings of the 11th ACM workshop on artificial intelligence and security},
  pages={2--12},
  year={2018}
}
