@article{balayn2021automatic,
  title     = {Automatic Identification of Harmful, Aggressive, Abusive, and Offensive Language on the Web: A Survey of Technical Biases Informed by Psychology Literature},
  author    = {Balayn, Agathe and Yang, Jie and Szlavik, Zoltan and Bozzon, Alessandro},
  journal   = {ACM Transactions on Social Computing (TSC)},
  volume    = {4},
  number    = {3},
  pages     = {1--56},
  year      = {2021},
  publisher = {ACM New York, NY}
}

@article{ecri-hate-speech-and-violence,
  title   = {Hate speech and violence},
  url     = {https://www.coe.int/en/web/european-commission-against-racism-and-intolerance/hate-speech-and-violence},
  journal = {European Commission against Racism and Intolerance (ECRI)},
  note    = {Visited on 19/01/2022}
}

@article{columbia-facebook-linked-to-violence,
  title   = {Facebook now linked to violence in the Philippines, Libya, Germany, Myanmar, and India},
  url     = {https://www.cjr.org/the_media_today/facebook-linked-to-violence.php},
  author  = {Mathew Ingram},
  journal = {Columbia Journalism Review},
  year    = {2018},
  month   = {Sep},
  note    = {"Visited on 07/03/2022"}
}

@article{mujib-mashal-india,
  title   = {As Officials Look Away, Hate Speech in India Nears Dangerous Levels},
  url     = {https://www.nytimes.com/2022/02/08/world/asia/india-hate-speech-muslims.html},
  author  = {Mujib Mashal and Suhasini Raj and Hari Kumar},
  journal = {The New York Times},
  year    = {2022},
  month   = {Feb},
  note    = {Visited on 07/03/2022}
}

@article{paul-mozur-2018,
  title   = {A Genocide Incited on Facebook, With Posts From Myanmarâ€™s Military},
  url     = {https://www.nytimes.com/2018/10/15/technology/myanmar-facebook-genocide.html},
  journal = {The New York Times},
  author  = {Paul Mozur},
  year    = {2018},
  month   = {Oct},
  note    = {Visited on 07/03/2022}
}

@article{muller2021fanning,
  title     = {Fanning the flames of hate: Social media and hate crime},
  author    = {M{\"u}ller, Karsten and Schwarz, Carlo},
  journal   = {Journal of the European Economic Association},
  volume    = {19},
  number    = {4},
  pages     = {2131--2167},
  year      = {2021},
  publisher = {Oxford Academic}
}

@inproceedings{davidson2017automated,
  title     = {Automated hate speech detection and the problem of offensive language},
  author    = {Davidson, Thomas and Warmsley, Dana and Macy, Michael and Weber, Ingmar},
  booktitle = {Proceedings of the International AAAI Conference on Web and Social Media},
  volume    = {11},
  number    = {1},
  pages     = {512--515},
  year      = {2017}
}

@article{eu-code-of-conduct,
  title   = {The EU Code of conduct on countering illegal hate speech online},
  journal = {European Commission},
  url     = {https://ec.europa.eu/info/policies/justice-and-fundamental-rights/combatting-discrimination/racism-and-xenophobia/eu-code-conduct-countering-illegal-hate-speech-online_en},
  year    = {2016},
  month   = {May},
  note    = {Visited on 07/03/2022}
}

@article{noah2021giansiracusa,
  journal = {Wired},
  title   = {Facebook Uses Deceptive Math to Hide Its Hate Speech Problem},
  url     = {https://www.wired.com/story/facebooks-deceptive-math-when-it-comes-to-hate-speech/},
  author  = {Noah Giansiracusa},
  year    = {2021},
  month   = {Oct},
  note    = {Visited on 07/03/2022}
}

@article{klonick2017new,
  title     = {The new governors: The people, rules, and processes governing online speech},
  author    = {Klonick, Kate},
  journal   = {Harvard Law Review},
  volume    = {131},
  pages     = {1598},
  year      = {2018},
  publisher = {HeinOnline}
}

@article{fortuna2018survey,
  title     = {A survey on automatic detection of hate speech in text},
  author    = {Fortuna, Paula and Nunes, S{\'e}rgio},
  journal   = {ACM Computing Surveys (CSUR)},
  volume    = {51},
  number    = {4},
  pages     = {1--30},
  year      = {2018},
  publisher = {ACM New York, NY, USA}
}

@inproceedings{arango2019hate,
  title     = {Hate speech detection is not as easy as you may think: A closer look at model validation},
  author    = {Arango, Aym{\'e} and P{\'e}rez, Jorge and Poblete, Barbara},
  booktitle = {Proceedings of the 42nd international acm sigir conference on research and development in information retrieval},
  pages     = {45--54},
  year      = {2019}
}

@article{woo2020future,
  title     = {Future trends in I\&M: Human-machine co-creation in the rise of AI},
  author    = {Woo, Wai Lok},
  journal   = {IEEE Instrumentation \& Measurement Magazine},
  volume    = {23},
  number    = {2},
  pages     = {71--73},
  year      = {2020},
  publisher = {IEEE}
}

@article{hendrickx2021machine,
  title   = {Machine Learning with a Reject Option: A survey},
  author  = {Hendrickx, Kilian and Perini, Lorenzo and Van der Plas, Dries and Meert, Wannes and Davis, Jesse},
  journal = {arXiv preprint arXiv:2107.11277},
  year    = {2021}
}

@inproceedings{liu2020towards,
  title     = {Towards hybrid human-AI workflows for unknown unknown detection},
  author    = {Liu, Anthony and Guerra, Santiago and Fung, Isaac and Matute, Gabriel and Kamar, Ece and Lasecki, Walter},
  booktitle = {Proceedings of The Web Conference 2020},
  pages     = {2432--2442},
  year      = {2020}
}

@article{sayin2021science,
  title   = {The Science of Rejection: A Research Area for Human Computation},
  author  = {Sayin, Burcu and Yang, Jie and Passerini, Andrea and Casati, Fabio},
  journal = {arXiv preprint arXiv:2111.06736},
  year    = {2021}
}

@article{bbc-firms-face-fine-germany,
  journal = {BBC News},
  title   = {Social media firms faces huge hate speech fines in Germany},
  url     = {https://www.bbc.com/news/technology-39506114},
  year    = {2017},
  month   = {Apr},
  day     = {5},
  note    = {Visited on 11/04/2022}
}

@inproceedings{ciftci2017hate,
  title     = {Hate speech on Facebook},
  author    = {Ciftci, Tuba and Gashi, Liridona and Hoffmann, Ren{\'e} and Bahr, David and Ilhan, Aylin and Fietkiewicz, Kaja},
  booktitle = {Proceedings of the 4th European Conference on Social Media, ECSM 2017},
  pages     = {425--433},
  year      = {2017}
}

@article{sunstein2018does,
  title     = {Does the Clear and Present Danger Test Survive Cost-Benefit Analysis?},
  author    = {Sunstein, Cass R},
  journal   = {Cornell Law Review},
  volume    = {104},
  issue     = {7},
  pages     = {1775},
  year      = {2019},
  month     = {Nov},
  publisher = {HeinOnline}
}

@article{posner1986free,
  title     = {Free speech in an economic perspective},
  author    = {Posner, Richard A},
  journal   = {Suffolk University Law Review},
  volume    = {20},
  pages     = {1},
  year      = {1986},
  publisher = {HeinOnline}
}

@inproceedings{olteanu2017limits,
  title     = {The limits of abstract evaluation metrics: The case of hate speech detection},
  author    = {Olteanu, Alexandra and Talamadupula, Kartik and Varshney, Kush R},
  booktitle = {Proceedings of the 2017 ACM on Web Science Conference},
  pages     = {405--406},
  year      = {2017}
}

@article{first-amendment-white-house,
  journal = {The White House},
  title   = {The Constitution},
  url     = {https://www.whitehouse.gov/about-the-white-house/our-government/the-constitution/},
  note    = {Visited on 11/04/2022}
}

@inproceedings{grondahl2018all,
  title     = {All you need is "love" evading hate speech detection},
  author    = {Gr{\"o}ndahl, Tommi and Pajola, Luca and Juuti, Mika and Conti, Mauro and Asokan, N},
  booktitle = {Proceedings of the 11th ACM workshop on artificial intelligence and security},
  pages     = {2--12},
  year      = {2018}
}

